% 9139482 
@Article{pmid9139482,
   Author="Cox, J. C.  and Coulter, A. R. ",
   Title="{{A}djuvants--a classification and review of their modes of action}",
   Journal="Vaccine",
   Year="1997",
   Volume="15",
   Number="3",
   Pages="248--256",
   Month="Feb"
}
% 27274998 
@Article{pmid27274998,
   Author="Apost√≥lico, J. d. e.  S.  and Lunardelli, V. A.  and Coirada, F. C.  and Boscardin, S. B.  and Rosa, D. S. ",
   Title="{{A}djuvants: {C}lassification, {M}odus {O}perandi, and {L}icensing}",
   Journal="J Immunol Res",
   Year="2016",
   Volume="2016",
   Pages="1459394"
}
% 33034449 
@Article{pmid33034449,
   Author="Chung, Y. H.  and Beiss, V.  and Fiering, S. N.  and Steinmetz, N. F. ",
   Title="{{C}{O}{V}{I}{D}-19 {V}accine {F}rontrunners and {T}heir {N}anotechnology {D}esign}",
   Journal="ACS Nano",
   Year="2020",
   Volume="14",
   Number="10",
   Pages="12522--12537",
   Month="10"
}
% 30275080 
@Article{pmid30275080,
   Author="Greenfield, E. A.  and DeCaprio, J.  and Brahmandam, M. ",
   Title="{{M}aking {W}eak {A}ntigens {S}trong: {C}ross-{L}inking {P}eptides to {K}{L}{H} with {M}aleimide}",
   Journal="Cold Spring Harb Protoc",
   Year="2018",
   Volume="2018",
   Number="10",
   Month="10"
}
% 24833186 
@Article{pmid24833186,
   Author="Swaminathan, A.  and Lucas, R. M.  and Dear, K.  and McMichael, A. J. ",
   Title="{{K}eyhole limpet haemocyanin - a model antigen for human immunotoxicological studies}",
   Journal="Br J Clin Pharmacol",
   Year="2014",
   Volume="78",
   Number="5",
   Pages="1135--1142",
   Month="Nov"
}

